Film Code,Cinema Code,Total_Sales,Tickets Sold,Tickets Out,Show Time,Occupancy Percentage,Ticket Price,Ticket Use,Capacity,DATE,Month,Quarter,Day
1492,304,12600000,84,0,4,13.75,150000,84,610.9090909,5/2/2018,5,2,2
1497,285,600000,6,0,4,1.11,100000,6,540.5405405,5/2/2018,5,2,2
1494,448,84480000,566,0,4,74.47,149257.9505,566,760.037599,5/2/2018,5,2,2
1494,304,63750000,434,0,4,73.81,146889.4009,434,587.9962065,5/2/2018,5,2,2
1494,534,770000,11,0,1,12.5,70000,11,88,5/2/2018,5,2,2
1492,304,16500000,110,0,4,18,150000,110,611.1111111,5/3/2018,5,2,3
1497,304,175050000,1177,0,9,71.03,148725.5735,1177,1657.046318,5/3/2018,5,2,3
1494,534,1750000,25,0,3,16.34,70000,25,152.998776,5/3/2018,5,2,3
1492,304,16500000,112,0,4,18.33,147321.4286,112,611.0201855,5/4/2018,5,2,4
1497,285,1200000,12,0,4,2.22,100000,12,540.5405405,5/4/2018,5,2,4
1494,304,95700000,638,0,6,70.5,150000,638,904.964539,5/4/2018,5,2,4
1494,448,84000000,560,0,5,58.95,150000,560,949.9575912,5/4/2018,5,2,4
1492,304,3900000,26,0,4,4.26,150000,26,610.3286385,5/5/2018,5,2,5
1497,448,50560000,338,0,9,16.15,149585.7988,338,2092.879257,5/5/2018,5,2,5
1494,534,210000,3,0,3,1.96,70000,3,153.0612245,5/5/2018,5,2,5
1492,304,3750000,29,0,3,6.58,129310.3448,29,440.7294833,5/6/2018,5,2,6
1497,448,47700000,321,0,9,14.38,148598.1308,321,2232.267038,5/6/2018,5,2,6
1497,338,160000,2,0,2,0.47,80000,2,425.5319149,5/6/2018,5,2,6
1494,304,37500000,250,0,5,32.98,150000,250,758.0351728,5/6/2018,5,2,6
1492,352,9150000,61,0,6,9.78,150000,61,623.7218814,5/7/2018,5,2,7
1497,43,320000,5,0,10,0.88,64000,5,568.1818182,5/7/2018,5,2,7
1494,431,480000,4,0,8,0.57,120000,4,701.754386,5/7/2018,5,2,7
1492,82,200000,5,0,6,0.53,40000,5,943.3962264,5/8/2018,5,2,8
1497,448,116110000,1452,0,9,69.37,79965.56474,1452,2093.123829,5/8/2018,5,2,8
1494,417,53610000,1065,0,5,60.44,50338.02817,1065,1762.078094,5/8/2018,5,2,8
1497,50,200000,2,0,3,0.37,100000,2,540.5405405,5/9/2018,5,2,9
1494,516,560000,7,0,1,5.98,80000,7,117.0568562,5/9/2018,5,2,9
1494,486,475000,12,0,1,4.29,39583.33333,12,279.7202797,5/9/2018,5,2,9
1494,285,400000,4,0,3,1.05,100000,4,380.952381,5/9/2018,5,2,9
1492,304,13500000,90,0,3,20.41,150000,90,440.9603136,5/10/2018,5,2,10
1497,448,132525000,888,0,7,51.51,149239.8649,888,1723.9371,5/10/2018,5,2,10
1494,448,100050000,671,0,6,59.59,149105.8122,671,1126.027857,5/10/2018,5,2,10
1492,222,160000,2,0,2,1.19,80000,2,168.0672269,5/11/2018,5,2,11
1497,338,480000,6,0,1,2.82,80000,6,212.7659574,5/11/2018,5,2,11
1494,457,150000,3,0,2,0.48,50000,3,625,5/11/2018,5,2,11
1492,352,11360000,142,0,6,22.76,80000,142,623.9015817,5/12/2018,5,2,12
1497,448,54320000,366,0,8,19.12,148415.3005,366,1914.225941,5/12/2018,5,2,12
1494,448,43530000,293,0,6,25.7,148566.5529,293,1140.077821,5/12/2018,5,2,12
1492,144,240000,3,0,4,0.19,80000,3,1578.947368,5/13/2018,5,2,13
1497,61,160000,2,2,5,0.4,80000,0,500,5/13/2018,5,2,13
1494,486,200000,4,0,1,1.43,50000,4,279.7202797,5/13/2018,5,2,13
1494,476,160000,2,0,1,0.37,80000,2,540.5405405,5/13/2018,5,2,13
1492,450,4350000,29,0,3,9.12,150000,29,317.9824561,5/14/2018,5,2,14
1497,448,50030000,343,0,8,17.92,145860.0583,343,1914.0625,5/14/2018,5,2,14
1494,448,34750000,234,0,6,20.53,148504.2735,234,1139.795421,5/14/2018,5,2,14
1492,518,120000,2,0,1,3.64,60000,2,54.94505495,5/15/2018,5,2,15
1497,168,800000,16,0,2,10.26,50000,16,155.9454191,5/15/2018,5,2,15
1494,249,420000,21,0,1,11.67,20000,21,179.9485861,5/15/2018,5,2,15
1492,352,9450000,63,0,4,15.14,150000,63,416.1162483,5/16/2018,5,2,16
1497,448,117164998,820,0,9,34.42,142884.1439,820,2382.335851,5/16/2018,5,2,16
1494,448,89084998,595,0,6,52.19,149722.6857,595,1140.065147,5/16/2018,5,2,16
1494,71,39450000,270,0,4,28.24,146111.1111,270,956.0906516,5/16/2018,5,2,16
1494,304,39300000,262,11,4,44.56,150000,251,587.9712747,5/16/2018,5,2,16
1492,82,120000,3,0,6,0.32,40000,3,937.5,5/17/2018,5,2,17
1497,285,150000,3,0,1,1.88,50000,3,159.5744681,5/17/2018,5,2,17
1494,285,200000,4,0,3,2.22,50000,4,180.1801802,5/17/2018,5,2,17
1494,247,120000,3,0,1,7.5,40000,3,40,5/17/2018,5,2,17
1492,352,17150000,182,0,6,29.17,94230.76923,182,623.9286939,5/18/2018,5,2,18
1497,448,197500000,1680,0,10,68.88,117559.5238,1680,2439.02439,5/18/2018,5,2,18
1494,448,163474999,1387,0,9,81.11,117862.292,1387,1710.023425,5/18/2018,5,2,18
1492,266,80000,1,0,3,0.21,80000,1,476.1904762,5/19/2018,5,2,19
1497,50,350000,7,0,3,1.31,50000,7,534.351145,5/19/2018,5,2,19
1494,466,180000,3,0,2,0.88,60000,3,340.9090909,5/19/2018,5,2,19
1494,285,100000,2,0,3,1.11,50000,2,180.1801802,5/19/2018,5,2,19
1492,352,16810000,183,0,6,29.33,91857.9235,183,623.934538,5/20/2018,5,2,20
1497,448,64410000,608,0,11,22.33,105937.5,608,2722.794447,5/20/2018,5,2,20
1494,448,66795000,626,0,7,47.07,106701.278,626,1329.934141,5/20/2018,5,2,20
1492,82,40000,1,0,6,0.11,40000,1,909.0909091,5/21/2018,5,2,21
1497,222,80000,1,0,3,0.28,80000,1,357.1428571,5/21/2018,5,2,21
1494,359,120000,2,0,2,0.48,60000,2,416.6666667,5/21/2018,5,2,21
1492,448,17840000,226,0,4,29.74,78938.0531,226,759.9193006,5/22/2018,5,2,22
1497,448,123760000,1547,0,10,64.62,80000,1547,2393.995667,5/22/2018,5,2,22
1494,448,80314999,1007,0,7,75.71,79756.70209,1007,1330.075287,5/22/2018,5,2,22
1494,304,74720000,934,0,6,66.67,80000,934,1400.929954,5/22/2018,5,2,22
1492,532,210000,3,0,1,1,70000,3,300,5/23/2018,5,2,23
1497,315,150000,5,0,1,3.33,30000,5,150.1501502,5/23/2018,5,2,23
1494,534,200000,5,0,3,1.89,40000,5,264.5502646,5/23/2018,5,2,23
1494,315,180000,6,0,1,4,30000,6,150,5/23/2018,5,2,23
1492,448,13800000,99,0,3,18.27,139393.9394,99,541.8719212,5/24/2018,5,2,24
1497,448,140384998,1298,0,9,61.69,108154.8521,1298,2104.068731,5/24/2018,5,2,24
1494,448,135290000,1251,0,10,65.63,108145.4836,1251,1906.140485,5/24/2018,5,2,24
1494,304,126830000,877,0,6,62.6,144618.016,877,1400.958466,5/24/2018,5,2,24
1492,506,80000,2,0,1,0.5,40000,2,400,5/25/2018,5,2,25
1497,315,150000,5,0,1,3.33,30000,5,150.1501502,5/25/2018,5,2,25
1494,448,161630000,1474,0,10,77.33,109654.0027,1474,1906.116643,5/25/2018,5,2,25
1494,304,101580000,749,0,6,53.46,135620.8278,749,1401.047512,5/25/2018,5,2,25
1494,315,150000,5,0,1,3.33,30000,5,150.1501502,5/25/2018,5,2,25
1492,304,4720000,59,0,3,13.38,80000,59,440.9566517,5/26/2018,5,2,26
1497,448,51315000,556,0,10,24.11,92293.16547,556,2306.097055,5/26/2018,5,2,26
1492,529,120000,2,0,2,2.13,60000,2,93.89671362,5/27/2018,5,2,27
1497,315,120000,4,0,1,2.67,30000,4,149.8127341,5/27/2018,5,2,27
1492,489,2960000,30,0,3,23.81,98666.66667,30,125.9974801,5/28/2018,5,2,28
1497,448,60360000,590,0,10,24.64,102305.0847,590,2394.480519,5/28/2018,5,2,28
1492,522,160000,2,0,1,2.33,80000,2,85.83690987,5/29/2018,5,2,29
1497,285,100000,2,0,1,1.25,50000,2,160,5/29/2018,5,2,29
1492,304,4640000,51,0,3,11.56,90980.39216,51,441.1764706,5/30/2018,5,2,30
1497,448,83120000,763,0,9,36.06,108938.401,763,2115.917915,5/30/2018,5,2,30
1492,43,240000,6,0,3,0.44,40000,6,1363.636364,5/31/2018,5,2,31
1492,457,60000,2,0,3,0.22,30000,2,909.0909091,5/31/2018,5,2,31
1497,315,150000,5,0,1,3.33,30000,5,150.1501502,5/31/2018,5,2,31
1492,304,14570000,134,0,3,30.39,108731.3433,134,440.9345179,6/1/2018,6,2,1
1497,448,115429998,1088,0,9,51.42,106093.7482,1088,2115.908207,6/1/2018,6,2,1
1492,43,320000,8,0,3,0.59,40000,8,1355.932203,6/2/2018,6,2,2
1497,533,60000,1,0,1,0.91,60000,1,109.8901099,6/2/2018,6,2,2
1497,474,11980000,215,0,2,85.66,55720.93023,215,250.9922951,6/3/2018,6,2,3
1492,43,80000,2,0,3,0.15,40000,2,1333.333333,6/7/2018,6,2,7
1497,250,80000,2,0,4,0.11,40000,2,1818.181818,6/7/2018,6,2,7
1492,448,6900000,46,0,1,24.21,150000,46,190.0041305,6/8/2018,6,2,8
1492,304,6190000,59,0,2,20.07,104915.2542,59,293.9711011,6/8/2018,6,2,8
1492,450,5120000,66,3,1,62.26,77575.75758,63,106.0070671,6/8/2018,6,2,8
1497,448,80280000,802,0,6,55.69,100099.7506,802,1440.114922,6/8/2018,6,2,8
1492,169,250000,5,0,2,2.42,50000,5,206.6115702,6/9/2018,6,2,9
1492,204,210000,3,0,8,0.12,70000,3,2500,6/9/2018,6,2,9
1497,533,180000,3,0,1,2.73,60000,3,109.8901099,6/9/2018,6,2,9
1497,315,120000,4,0,1,2.67,30000,4,149.8127341,6/9/2018,6,2,9
1492,344,4960000,48,0,3,14.86,103333.3333,48,323.0148048,6/10/2018,6,2,10
1492,352,2800000,35,0,4,5.09,80000,35,687.6227898,6/10/2018,6,2,10
1497,448,44580000,431,0,9,20.48,103433.8747,431,2104.492188,6/10/2018,6,2,10
1492,532,280000,4,0,1,1.34,70000,4,298.5074627,6/11/2018,6,2,11
1492,457,180000,6,0,3,0.65,30000,6,923.0769231,6/11/2018,6,2,11
1497,285,100000,2,0,1,1.25,50000,2,160,6/11/2018,6,2,11
1492,448,6400000,80,0,1,42.11,80000,80,189.9786274,6/12/2018,6,2,12
1492,344,6400000,80,0,3,24.77,80000,80,322.9713363,6/12/2018,6,2,12
1497,448,79785000,999,0,9,47.35,79864.86486,999,2109.820486,6/12/2018,6,2,12
1492,324,140000,2,0,3,0.32,70000,2,625,6/13/2018,6,2,13
1492,43,80000,2,0,3,0.26,40000,2,769.2307692,6/13/2018,6,2,13
1497,466,180000,3,0,3,0.58,60000,3,517.2413793,6/13/2018,6,2,13
1492,304,7500000,50,0,1,34.01,150000,50,147.0155837,6/14/2018,6,2,14
1492,489,4320000,47,0,3,37.3,91914.89362,47,126.0053619,6/14/2018,6,2,14
1492,344,3350000,27,0,4,22.5,124074.0741,27,120,6/14/2018,6,2,14
1497,448,75240000,657,0,8,34.22,114520.5479,657,1919.929866,6/14/2018,6,2,14
1492,457,300000,6,0,1,1.94,50000,6,309.2783505,6/15/2018,6,2,15
1497,214,100000,2,0,3,0.24,50000,2,833.3333333,6/15/2018,6,2,15
1492,489,4200000,28,0,3,22.22,150000,28,126.0126013,6/16/2018,6,2,16
1492,344,3900000,27,0,4,22.5,144444.4444,27,120,6/16/2018,6,2,16
1497,448,87860000,588,0,7,34.11,149421.7687,588,1723.834653,6/16/2018,6,2,16
1492,324,210000,3,0,3,0.49,70000,3,612.244898,6/17/2018,6,2,17
1497,507,120000,2,0,1,1.1,60000,2,181.8181818,6/17/2018,6,2,17
1492,56,1840000,23,0,3,9.83,80000,23,233.9776195,6/18/2018,6,2,18
1497,448,38260000,258,0,8,13.44,148294.5736,258,1919.642857,6/18/2018,6,2,18
1497,304,22500000,150,0,6,14.71,150000,150,1019.71448,6/18/2018,6,2,18
1492,277,400000,5,0,1,1.37,80000,5,364.9635036,6/19/2018,6,2,19
1492,324,200000,5,0,2,1.21,40000,5,413.2231405,6/19/2018,6,2,19
1497,533,150000,5,0,1,4.55,30000,5,109.8901099,6/19/2018,6,2,19
1492,56,1640000,24,0,3,10.26,68333.33333,24,233.9181287,6/20/2018,6,2,20
1497,304,8850000,59,0,5,6.94,150000,59,850.1440922,6/20/2018,6,2,20
1492,39,200000,2,0,3,0.39,100000,2,512.8205128,6/21/2018,6,2,21
1497,531,120000,2,0,2,0.71,60000,2,281.6901408,6/21/2018,6,2,21
1492,344,3750000,26,0,3,28.89,144230.7692,26,89.99653859,6/22/2018,6,2,22
1492,352,2480000,31,0,1,29.81,80000,31,103.991949,6/22/2018,6,2,22
1497,448,78000000,520,0,7,37.9,150000,520,1372.031662,6/22/2018,6,2,22
1492,489,1600000,20,0,4,20,80000,20,100,6/23/2018,6,2,23
1497,454,50000,1,0,1,0.33,50000,1,303.030303,6/23/2018,6,2,23
1492,56,1800000,23,0,3,9.83,78260.86957,23,233.9776195,6/24/2018,6,2,24
1492,243,120000,2,0,4,0.27,60000,2,740.7407407,6/24/2018,6,2,24
1497,448,18150000,125,0,7,9.11,145200,125,1372.118551,6/24/2018,6,2,24
1492,479,240000,3,0,1,1.78,80000,3,168.5393258,6/25/2018,6,2,25
1497,454,100000,2,0,1,0.67,50000,2,298.5074627,6/25/2018,6,2,25
1497,222,80000,1,0,3,0.35,80000,1,285.7142857,6/25/2018,6,2,25
1492,304,8560000,107,0,1,72.79,80000,107,146.998214,6/26/2018,6,2,26
1492,344,4320000,54,0,3,60,80000,54,90,6/26/2018,6,2,26
1497,448,48720000,611,0,7,44.53,79738.13421,611,1372.108691,6/26/2018,6,2,26
1497,304,39920000,499,0,7,41.93,80000,499,1190.078703,6/26/2018,6,2,26
1492,428,350000,5,0,2,1.67,70000,5,299.4011976,6/27/2018,6,2,27
1492,277,240000,3,0,1,0.82,80000,3,365.8536585,6/27/2018,6,2,27
1497,466,60000,2,0,2,0.58,30000,2,344.8275862,6/27/2018,6,2,27
1498,448,21810000,147,0,6,12.89,148367.3469,147,1140.418929,6/27/2018,6,2,27
1492,489,2100000,14,0,3,18.67,150000,14,74.98660953,6/28/2018,6,2,28
1497,453,540000,9,0,1,5.84,60000,9,154.109589,6/28/2018,6,2,28
1498,181,200000,2,0,3,0.44,100000,2,454.5454545,6/28/2018,6,2,28
1492,324,70000,1,0,2,0.24,70000,1,416.6666667,6/29/2018,6,2,29
1497,448,82160000,563,0,6,47.87,145932.5044,563,1176.101943,6/29/2018,6,2,29
1498,448,58160000,389,0,6,34.12,149511.5681,389,1140.093787,6/29/2018,6,2,29
1492,474,880000,11,0,1,47.83,80000,11,22.99811834,6/30/2018,6,2,30
1497,511,100000,2,0,1,0.67,50000,2,298.5074627,6/30/2018,6,2,30
1498,397,50000,2,0,2,0.3,25000,2,666.6666667,6/30/2018,6,2,30
1492,489,1050000,7,0,3,9.33,150000,7,75.02679528,7/1/2018,7,3,1
1492,254,350000,5,0,2,1.01,70000,5,495.049505,7/1/2018,7,3,1
1492,474,320000,4,0,1,17.39,80000,4,23.00172513,7/1/2018,7,3,1
1492,362,210000,3,0,2,0.94,70000,3,319.1489362,7/1/2018,7,3,1
1497,448,28185000,190,0,6,16.16,148342.1053,190,1175.742574,7/1/2018,7,3,1
1498,448,21720000,146,0,5,15.37,148767.1233,146,949.9024073,7/1/2018,7,3,1
1492,489,600000,4,0,3,5.33,150000,4,75.04690432,7/2/2018,7,3,2
1492,214,400000,8,0,4,1.39,50000,8,575.5395683,7/2/2018,7,3,2
1492,254,350000,5,0,2,1.01,70000,5,495.049505,7/2/2018,7,3,2
1492,362,210000,3,0,2,0.94,70000,3,319.1489362,7/2/2018,7,3,2
1497,496,100000,2,0,2,0.93,50000,2,215.0537634,7/2/2018,7,3,2
1498,533,60000,1,0,1,0.91,60000,1,109.8901099,7/2/2018,7,3,2
1492,489,4800000,60,0,3,80,80000,60,75,7/3/2018,7,3,3
1492,474,1600000,40,0,1,100,40000,40,40,7/3/2018,7,3,3
1492,352,960000,12,0,1,5.19,80000,12,231.2138728,7/3/2018,7,3,3
1492,445,540000,9,0,1,8.41,60000,9,107.0154578,7/3/2018,7,3,3
1492,300,440000,11,0,1,3.38,40000,11,325.443787,7/3/2018,7,3,3
1492,254,280000,8,0,2,1.62,35000,8,493.8271605,7/3/2018,7,3,3
1492,214,250000,10,0,4,1.74,25000,10,574.7126437,7/3/2018,7,3,3
1497,448,61120000,764,0,7,55.69,80000,764,1371.88005,7/3/2018,7,3,3
1498,448,60975000,760,0,7,57.14,80230.26316,760,1330.066503,7/3/2018,7,3,3
1492,254,1680000,24,0,6,1.62,70000,24,1481.481481,7/4/2018,7,3,4
1492,214,350000,7,0,4,1.22,50000,7,573.7704918,7/4/2018,7,3,4
1492,489,300000,2,0,3,2.67,150000,2,74.90636704,7/4/2018,7,3,4
1497,529,120000,2,0,1,4.44,60000,2,45.04504505,7/4/2018,7,3,4
1498,528,100000,2,0,2,1.09,50000,2,183.4862385,7/4/2018,7,3,4
1492,489,2880000,22,0,3,29.33,130909.0909,22,75.0085237,7/5/2018,7,3,5
1492,254,1610000,23,0,6,1.55,70000,23,1483.870968,7/5/2018,7,3,5
1492,214,200000,4,0,4,0.69,50000,4,579.7101449,7/5/2018,7,3,5
1492,352,80000,1,0,1,0.93,80000,1,107.5268817,7/5/2018,7,3,5
1497,448,30465000,205,0,3,35.96,148609.7561,205,570.0778643,7/5/2018,7,3,5
1498,304,39600000,267,0,8,19.63,148314.6067,267,1360.163016,7/5/2018,7,3,5
1492,474,1360000,17,0,1,73.91,80000,17,23.0009471,7/6/2018,7,3,6
1492,352,1200000,15,0,1,13.89,80000,15,107.9913607,7/6/2018,7,3,6
1492,489,1140000,9,0,3,12,126666.6667,9,75,7/6/2018,7,3,6
1492,168,640000,8,0,3,3.42,80000,8,233.9181287,7/6/2018,7,3,6
1492,214,400000,8,0,4,1.39,50000,8,575.5395683,7/6/2018,7,3,6
1492,254,140000,2,0,6,0.13,70000,2,1538.461538,7/6/2018,7,3,6
1497,243,120000,2,0,2,0.53,60000,2,377.3584906,7/6/2018,7,3,6
1498,397,100000,2,0,2,0.3,50000,2,666.6666667,7/6/2018,7,3,6
1492,254,1680000,24,0,6,1.62,70000,24,1481.481481,7/7/2018,7,3,7
1492,489,1680000,21,0,3,28,80000,21,75,7/7/2018,7,3,7
1492,168,640000,8,0,3,3.42,80000,8,233.9181287,7/7/2018,7,3,7
1492,214,200000,8,0,4,1.39,25000,8,575.5395683,7/7/2018,7,3,7
1497,448,7050000,47,0,3,7.08,150000,47,663.8418079,7/7/2018,7,3,7
1498,448,17560000,118,0,4,15.53,148813.5593,118,759.8197038,7/7/2018,7,3,7
1492,489,600000,4,0,2,8,150000,4,50,7/8/2018,7,3,8
1492,254,420000,6,0,2,1.21,70000,6,495.8677686,7/8/2018,7,3,8
1497,142,200000,2,0,6,0.93,100000,2,215.0537634,7/8/2018,7,3,8
1498,397,100000,2,0,2,0.3,50000,2,666.6666667,7/8/2018,7,3,8
1492,489,3040000,38,0,3,50.67,80000,38,74.99506611,7/10/2018,7,3,10
1492,352,1040000,13,0,1,12.5,80000,13,104,7/10/2018,7,3,10
1492,168,500000,10,0,3,4.27,50000,10,234.1920375,7/10/2018,7,3,10
1492,254,385000,11,0,2,2.23,35000,11,493.2735426,7/10/2018,7,3,10
1492,214,150000,6,0,3,1.39,25000,6,431.6546763,7/10/2018,7,3,10
1497,448,32000000,400,0,4,52.63,80000,400,760.0228007,7/10/2018,7,3,10
1498,448,44000000,550,0,4,72.37,80000,550,759.9834185,7/10/2018,7,3,10
1492,168,480000,6,0,3,2.56,80000,6,234.375,7/11/2018,7,3,11
1492,214,150000,3,0,4,0.52,50000,3,576.9230769,7/11/2018,7,3,11
1492,254,140000,2,0,2,0.4,70000,2,500,7/11/2018,7,3,11
1497,441,75000,3,0,6,0.19,25000,3,1578.947368,7/11/2018,7,3,11
1498,324,70000,1,0,2,0.25,70000,1,400,7/11/2018,7,3,11
1492,489,2850000,19,0,1,76,150000,19,25,7/12/2018,7,3,12
1492,168,320000,4,0,3,1.71,80000,4,233.9181287,7/12/2018,7,3,12
1492,254,140000,2,0,2,0.4,70000,2,500,7/12/2018,7,3,12
1497,448,27000000,180,0,3,31.58,150000,180,569.9810006,7/12/2018,7,3,12
1498,448,56545000,386,0,5,40.63,146489.6373,386,950.0369185,7/12/2018,7,3,12
1492,168,320000,4,0,3,1.71,80000,4,233.9181287,7/13/2018,7,3,13
1497,507,300000,5,0,1,2.75,60000,5,181.8181818,7/13/2018,7,3,13
1498,533,180000,3,0,1,2.73,60000,3,109.8901099,7/13/2018,7,3,13
1498,453,90000,3,0,4,3,30000,3,100,7/13/2018,7,3,13
1492,489,2000000,25,0,1,62.5,80000,25,40,7/14/2018,7,3,14
1497,448,8400000,56,0,4,7.14,150000,56,784.3137255,7/14/2018,7,3,14
1498,448,32270000,217,0,5,22.84,148709.6774,217,950.0875657,7/14/2018,7,3,14
1492,489,1500000,10,0,1,25,150000,10,40,7/15/2018,7,3,15
1497,489,240000,3,0,3,2.38,80000,3,126.0504202,7/15/2018,7,3,15
1498,536,120000,2,0,1,2,60000,2,100,7/15/2018,7,3,15
1492,168,320000,4,0,3,1.71,80000,4,233.9181287,7/16/2018,7,3,16
1497,448,9120000,70,0,3,11.9,130285.7143,70,588.2352941,7/16/2018,7,3,16
1498,448,38279999,259,0,5,27.26,147799.2239,259,950.1100514,7/16/2018,7,3,16
1492,489,2640000,33,0,1,82.5,80000,33,40,7/17/2018,7,3,17
1497,518,360000,6,0,2,4,60000,6,150,7/17/2018,7,3,17
1498,198,245000,7,0,1,4.07,35000,7,171.990172,7/17/2018,7,3,17
1492,489,1200000,8,0,1,32,150000,8,25,7/18/2018,7,3,18
1497,448,13200000,91,0,3,15.48,145054.9451,91,587.8552972,7/18/2018,7,3,18
1498,304,44250000,304,0,7,25.55,145559.2105,304,1189.823875,7/18/2018,7,3,18
1492,352,800000,10,0,1,5.68,80000,10,176.056338,7/19/2018,7,3,19
1492,489,750000,5,0,1,20,150000,5,25,7/19/2018,7,3,19
1492,168,400000,5,0,3,2.14,80000,5,233.6448598,7/19/2018,7,3,19
1497,531,300000,5,0,1,6.1,60000,5,81.96721311,7/19/2018,7,3,19
1498,453,120000,4,0,1,16,30000,4,25,7/19/2018,7,3,19
1492,168,320000,4,0,3,1.71,80000,4,233.9181287,7/20/2018,7,3,20
1497,448,27300000,182,0,3,30.95,150000,182,588.0452342,7/20/2018,7,3,20
1498,448,87909998,590,0,6,51.75,148999.9966,590,1140.096618,7/20/2018,7,3,20
1497,556,720000,6,0,1,6.12,120000,6,98.03921569,7/21/2018,7,3,21
1498,517,100000,2,0,1,1.32,50000,2,151.5151515,7/21/2018,7,3,21
1492,238,1200000,20,0,3,3.24,60000,20,617.2839506,7/22/2018,7,3,22
1492,168,400000,5,0,3,2.14,80000,5,233.6448598,7/22/2018,7,3,22
1497,448,7440000,54,0,2,14.21,137777.7778,54,380.0140746,7/22/2018,7,3,22
1498,71,30450000,203,0,3,28.31,150000,203,717.0611091,7/22/2018,7,3,22
1492,238,900000,15,0,3,2.43,60000,15,617.2839506,7/23/2018,7,3,23
1492,168,320000,4,0,3,1.71,80000,4,233.9181287,7/23/2018,7,3,23
1497,518,120000,2,0,3,0.89,60000,2,224.7191011,7/23/2018,7,3,23
1498,453,90000,3,0,1,12,30000,3,25,7/23/2018,7,3,23
1492,238,1410000,47,0,3,7.61,30000,47,617.60841,7/24/2018,7,3,24
1497,448,28160000,352,0,3,61.75,80000,352,570.0404858,7/24/2018,7,3,24
1498,304,75440000,946,0,10,55.65,79746.30021,946,1699.910153,7/24/2018,7,3,24
1492,238,840000,14,0,3,2.27,60000,14,616.7400881,7/25/2018,7,3,25
1497,452,1800000,12,0,2,8.57,150000,12,140.0233372,7/25/2018,7,3,25
1497,524,1800000,12,0,1,41.38,150000,12,28.99951667,7/25/2018,7,3,25
1497,518,900000,15,0,1,27.27,60000,15,55.00550055,7/25/2018,7,3,25
1497,531,420000,7,0,1,12.73,60000,7,54.98821681,7/25/2018,7,3,25
1498,448,73969998,520,0,6,45.61,142249.9962,520,1140.100855,7/25/2018,7,3,25
1498,441,200000,4,0,6,0.26,50000,4,1538.461538,7/25/2018,7,3,25
1492,238,900000,15,0,3,2.43,60000,15,617.2839506,7/26/2018,7,3,26
1497,531,360000,6,0,1,10.91,60000,6,54.99541705,7/26/2018,7,3,26
1498,533,120000,2,0,1,1.82,60000,2,109.8901099,7/26/2018,7,3,26
1492,238,1320000,22,0,3,3.56,60000,22,617.9775281,7/27/2018,7,3,27
1497,452,10050000,67,0,2,47.86,150000,67,139.9916423,7/27/2018,7,3,27
1498,94,280000,4,0,2,0.39,70000,4,1025.641026,7/27/2018,7,3,27
1498,466,240000,4,0,1,2.34,60000,4,170.9401709,7/27/2018,7,3,27
1498,503,240000,6,0,1,7.23,40000,6,82.98755187,7/27/2018,7,3,27
1498,397,200000,4,0,1,1.2,50000,4,333.3333333,7/27/2018,7,3,27
1492,238,480000,8,0,3,1.29,60000,8,620.1550388,7/28/2018,7,3,28
1497,524,2080000,26,0,1,89.66,80000,26,28.99843855,7/28/2018,7,3,28
1497,531,180000,3,0,1,5.45,60000,3,55.04587156,7/28/2018,7,3,28
1498,304,34650000,231,0,9,15.1,150000,231,1529.801325,7/28/2018,7,3,28
1492,238,660000,11,0,3,1.78,60000,11,617.9775281,7/29/2018,7,3,29
1497,524,3150000,21,0,1,72.41,150000,21,29.00151913,7/29/2018,7,3,29
1497,531,300000,5,0,1,9.09,60000,5,55.00550055,7/29/2018,7,3,29
1498,496,300000,6,0,2,2.79,50000,6,215.0537634,7/29/2018,7,3,29
1498,466,180000,3,0,1,1.75,60000,3,171.4285714,7/29/2018,7,3,29
1492,238,600000,10,0,3,1.62,60000,10,617.2839506,7/30/2018,7,3,30
1497,339,120000,2,0,4,0.17,60000,2,1176.470588,7/30/2018,7,3,30
1498,448,38015000,295,0,4,38.82,128864.4068,295,759.9175683,7/30/2018,7,3,30
1498,304,30000000,200,0,9,13.07,150000,200,1530.221882,7/30/2018,7,3,30
1492,238,540000,18,0,3,2.91,30000,18,618.556701,7/31/2018,7,3,31
1497,524,2320000,29,0,1,100,80000,29,29,7/31/2018,7,3,31
1498,94,440000,11,0,2,1.07,40000,11,1028.037383,7/31/2018,7,3,31
1492,238,480000,8,0,3,1.29,60000,8,620.1550388,8/1/2018,8,3,1
1497,339,1080000,18,0,4,1.5,60000,18,1200,8/1/2018,8,3,1
1498,448,44665000,355,0,5,37.13,125816.9014,355,956.1001885,8/1/2018,8,3,1
1498,304,33750000,225,0,9,14.71,150000,225,1529.57172,8/1/2018,8,3,1
1494,448,12780000,87,0,2,22.19,146896.5517,87,392.0684993,8/1/2018,8,3,1
1494,518,9320000,60,0,3,38.46,155333.3333,60,156.0062402,8/1/2018,8,3,1
1494,489,4990000,37,0,3,40.22,134864.8649,37,91.99403282,8/1/2018,8,3,1
1494,380,2540000,29,0,1,29,87586.2069,29,100,8/1/2018,8,3,1
1494,166,2380000,34,0,2,7.16,70000,34,474.8603352,8/1/2018,8,3,1
1494,499,1700000,17,0,1,8.59,100000,17,197.9045402,8/1/2018,8,3,1
1494,247,720000,13,0,2,6.02,55384.61538,13,215.9468439,8/1/2018,8,3,1
1494,482,330000,11,0,1,4.07,30000,11,270.2702703,8/1/2018,8,3,1
1494,266,300000,2,0,2,0.65,150000,2,307.6923077,8/1/2018,8,3,1
1494,488,280000,8,0,1,3.01,35000,8,265.7807309,8/1/2018,8,3,1
1494,323,240000,4,0,4,1.15,60000,4,347.826087,8/1/2018,8,3,1
1492,238,420000,7,0,3,1.13,60000,7,619.4690265,8/2/2018,8,3,2
1497,339,600000,10,0,4,0.83,60000,10,1204.819277,8/2/2018,8,3,2
1497,326,420000,7,0,1,2.44,60000,7,286.8852459,8/2/2018,8,3,2
1498,397,100000,2,0,1,0.6,50000,2,333.3333333,8/2/2018,8,3,2
1498,517,100000,2,0,1,1.32,50000,2,151.5151515,8/2/2018,8,3,2
1494,448,37010000,247,0,3,42.01,149838.0567,247,587.9552488,8/2/2018,8,3,2
1494,489,8330000,56,0,4,47.86,148750,56,117.0079398,8/2/2018,8,3,2
1494,266,4200000,28,0,1,17.18,150000,28,162.9802095,8/2/2018,8,3,2
1494,513,2910000,26,0,1,10.48,111923.0769,26,248.0916031,8/2/2018,8,3,2
1494,518,2580000,29,1,2,18.35,88965.51724,28,158.0381471,8/2/2018,8,3,2
1494,166,1435000,23,0,2,4.84,62391.30435,23,475.2066116,8/2/2018,8,3,2
1494,247,1360000,22,0,2,10.19,61818.18182,22,215.8979392,8/2/2018,8,3,2
1494,380,1360000,16,0,1,16,85000,16,100,8/2/2018,8,3,2
1494,482,900000,30,0,1,11.11,30000,30,270.0270027,8/2/2018,8,3,2
1494,323,300000,5,0,4,1.44,60000,5,347.2222222,8/2/2018,8,3,2
1494,524,300000,2,0,1,6.9,150000,2,28.98550725,8/2/2018,8,3,2
1494,499,240000,2,0,1,0.88,120000,2,227.2727273,8/2/2018,8,3,2
1494,480,140000,2,0,1,1.82,70000,2,109.8901099,8/2/2018,8,3,2
1492,238,900000,15,0,3,2.43,60000,15,617.2839506,8/3/2018,8,3,3
1497,339,180000,3,0,4,0.25,60000,3,1200,8/3/2018,8,3,3
1498,448,84569999,571,0,8,37.27,148108.5797,571,1532.063322,8/3/2018,8,3,3
1498,304,66150000,441,0,8,32.43,150000,441,1359.851989,8/3/2018,8,3,3
1498,71,45750000,307,4,6,21.41,149022.8013,303,1433.909388,8/3/2018,8,3,3
1494,513,12840000,107,0,1,45.53,120000,107,235.0098836,8/3/2018,8,3,3
1494,489,10850000,86,0,3,93.48,126162.7907,86,91.9982884,8/3/2018,8,3,3
1494,166,4025000,59,0,2,12.42,68220.33898,59,475.0402576,8/3/2018,8,3,3
1494,518,2580000,43,0,1,54.43,60000,43,79.00055117,8/3/2018,8,3,3
1494,247,2120000,33,0,2,15.28,64242.42424,33,215.9685864,8/3/2018,8,3,3
1494,380,1760000,20,0,1,20,88000,20,100,8/3/2018,8,3,3
1494,480,1540000,22,0,1,20,70000,22,110,8/3/2018,8,3,3
1494,266,900000,6,0,1,3.68,150000,6,163.0434783,8/3/2018,8,3,3
1494,323,900000,15,0,4,4.31,60000,15,348.0278422,8/3/2018,8,3,3
1494,499,840000,7,0,1,3.54,120000,7,197.740113,8/3/2018,8,3,3
1494,524,750000,5,0,1,17.24,150000,5,29.00232019,8/3/2018,8,3,3
1494,482,180000,6,0,1,2.22,30000,6,270.2702703,8/3/2018,8,3,3
1492,238,420000,7,0,3,1.13,60000,7,619.4690265,8/4/2018,8,3,4
1497,339,120000,2,0,4,0.17,60000,2,1176.470588,8/4/2018,8,3,4
1498,55,240000,3,0,1,1.11,80000,3,270.2702703,8/4/2018,8,3,4
1498,397,225000,9,0,1,2.69,25000,9,334.5724907,8/4/2018,8,3,4
1498,509,150000,3,0,1,1.17,50000,3,256.4102564,8/4/2018,8,3,4
1498,476,100000,2,0,2,0.18,50000,2,1111.111111,8/4/2018,8,3,4
1494,513,5520000,92,0,1,37.25,60000,92,246.9798658,8/4/2018,8,3,4
1494,489,5280000,66,0,3,71.74,80000,66,91.99888486,8/4/2018,8,3,4
1494,166,1925000,29,0,2,6.11,66379.31034,29,474.6317512,8/4/2018,8,3,4
1494,499,1200000,12,0,1,6.06,100000,12,198.019802,8/4/2018,8,3,4
1494,266,1050000,7,0,1,4.29,150000,7,163.1701632,8/4/2018,8,3,4
1494,518,720000,12,0,1,15.19,60000,12,78.99934167,8/4/2018,8,3,4
1494,482,420000,14,0,1,5.19,30000,14,269.7495183,8/4/2018,8,3,4
1494,247,360000,7,0,1,17.5,51428.57143,7,40,8/4/2018,8,3,4
1492,238,420000,7,0,3,1.13,60000,7,619.4690265,8/5/2018,8,3,5
1497,339,120000,2,0,4,0.17,60000,2,1176.470588,8/5/2018,8,3,5
1498,304,27750000,185,0,9,12.28,150000,185,1506.514658,8/5/2018,8,3,5
1494,489,3840000,26,0,2,38.81,147692.3077,26,66.99304303,8/5/2018,8,3,5
1494,266,1280000,16,0,1,9.82,80000,16,162.9327902,8/5/2018,8,3,5
1494,518,1200000,20,0,2,14.93,60000,20,133.9584729,8/5/2018,8,3,5
1494,380,940000,10,0,1,10,94000,10,100,8/5/2018,8,3,5
1494,480,840000,12,0,1,10.91,70000,12,109.9908341,8/5/2018,8,3,5
1494,247,720000,14,0,1,35,51428.57143,14,40,8/5/2018,8,3,5
1494,488,600000,15,0,1,5.64,40000,15,265.9574468,8/5/2018,8,3,5
1494,482,570000,19,0,1,7.04,30000,19,269.8863636,8/5/2018,8,3,5
1494,524,160000,2,0,1,6.9,80000,2,28.98550725,8/5/2018,8,3,5
1492,238,780000,13,0,3,2.1,60000,13,619.047619,8/6/2018,8,3,6
1497,339,960000,16,0,4,1.33,60000,16,1203.007519,8/6/2018,8,3,6
1498,184,80000,1,0,1,0.51,80000,1,196.0784314,8/6/2018,8,3,6
1498,453,80000,2,0,2,4,40000,2,50,8/6/2018,8,3,6
1494,489,3520000,27,2,3,29.35,130370.3704,25,91.99318569,8/6/2018,8,3,6
1494,518,2400000,40,1,2,58.82,60000,39,68.00408024,8/6/2018,8,3,6
1494,247,1520000,28,0,1,70,54285.71429,28,40,8/6/2018,8,3,6
1494,499,1000000,10,0,2,2.53,100000,10,395.256917,8/6/2018,8,3,6
1494,482,600000,20,0,1,7.41,30000,20,269.9055331,8/6/2018,8,3,6
1494,380,540000,6,0,1,6,90000,6,100,8/6/2018,8,3,6
1494,524,480000,6,0,1,20.69,80000,6,28.99951667,8/6/2018,8,3,6
1494,488,400000,10,0,1,3.76,40000,10,265.9574468,8/6/2018,8,3,6
1492,312,1360000,34,0,1,53.13,40000,34,63.99397704,8/7/2018,8,3,7
1498,448,73360000,917,0,8,59.86,80000,917,1531.907785,8/7/2018,8,3,7
1498,304,58880000,738,0,8,54.26,79783.19783,738,1360.117951,8/7/2018,8,3,7
1494,513,14100000,235,0,1,95.14,60000,235,247.0044145,8/7/2018,8,3,7
1494,499,9240000,154,0,1,67.84,60000,154,227.004717,8/7/2018,8,3,7
1494,489,7680000,96,0,4,82.05,80000,96,117.0018282,8/7/2018,8,3,7
1494,266,7120000,89,0,1,54.6,80000,89,163.003663,8/7/2018,8,3,7
1494,480,3780000,108,0,1,98.18,35000,108,110.0020371,8/7/2018,8,3,7
1494,380,2550000,51,0,1,51,50000,51,100,8/7/2018,8,3,7
1494,524,2320000,29,0,1,100,80000,29,29,8/7/2018,8,3,7
1494,247,1520000,38,0,1,95,40000,38,40,8/7/2018,8,3,7
1494,518,940000,2,0,1,9.09,470000,2,22.00220022,8/7/2018,8,3,7
1494,482,180000,6,0,1,2.22,30000,6,270.2702703,8/7/2018,8,3,7
1497,556,1200000,10,0,1,10.2,120000,10,98.03921569,8/8/2018,8,3,8
1498,509,150000,3,0,1,1.17,50000,3,256.4102564,8/8/2018,8,3,8
1498,477,150000,3,0,1,1.52,50000,3,197.3684211,8/8/2018,8,3,8
1498,531,60000,2,0,2,1.46,30000,2,136.9863014,8/8/2018,8,3,8
1494,380,1760000,20,0,1,20,88000,20,100,8/8/2018,8,3,8
1494,247,1080000,21,0,1,52.5,51428.57143,21,40,8/8/2018,8,3,8
1494,266,750000,5,0,1,3.07,150000,5,162.8664495,8/8/2018,8,3,8
1494,482,660000,22,0,1,8.15,30000,22,269.9386503,8/8/2018,8,3,8
1494,499,400000,4,0,2,1.01,100000,4,396.039604,8/8/2018,8,3,8
1498,304,45900000,306,0,8,22.5,150000,306,1360,8/9/2018,8,3,9
1494,513,7410000,63,0,1,25.4,117619.0476,63,248.0314961,8/9/2018,8,3,9
1494,266,6300000,42,0,1,25.77,150000,42,162.9802095,8/9/2018,8,3,9
1494,482,1170000,39,0,2,7.22,30000,39,540.166205,8/9/2018,8,3,9
1492,312,320000,4,0,1,6.25,80000,4,64,8/10/2018,8,3,10
1498,62,160000,2,0,2,0.63,80000,2,317.4603175,8/10/2018,8,3,10
1494,513,11100000,97,0,1,39.27,114432.9897,97,247.0078941,8/10/2018,8,3,10
1494,266,1800000,12,0,1,7.36,150000,12,163.0434783,8/10/2018,8,3,10
1494,380,1480000,16,0,1,16,92500,16,100,8/10/2018,8,3,10
1494,482,1230000,41,0,2,7.59,30000,41,540.1844532,8/10/2018,8,3,10
1498,89,18000000,225,0,7,25.92,80000,225,868.0555556,8/11/2018,8,3,11
1494,482,240000,8,0,1,2.96,30000,8,270.2702703,8/11/2018,8,3,11
1492,312,320000,4,0,1,6.25,80000,4,64,8/12/2018,8,3,12
1498,381,90000,3,0,2,0.88,30000,3,340.9090909,8/12/2018,8,3,12
1494,266,800000,10,0,1,6.13,80000,10,163.132137,8/12/2018,8,3,12
1498,448,18010000,141,0,5,14.84,127730.4965,141,950.1347709,8/13/2018,8,3,13
1494,266,1650000,11,0,1,6.75,150000,11,162.962963,8/13/2018,8,3,13
1494,380,680000,8,0,1,8,85000,8,100,8/13/2018,8,3,13
1498,477,50000,2,0,1,1.01,25000,2,198.019802,8/14/2018,8,3,14
1494,513,10560000,176,0,1,70.97,60000,176,247.9921093,8/14/2018,8,3,14
1494,266,3920000,49,0,1,30.06,80000,49,163.0073187,8/14/2018,8,3,14
1498,448,20030000,144,0,5,15.16,139097.2222,144,949.8680739,8/15/2018,8,3,15
1494,266,1350000,9,0,1,5.52,150000,9,163.0434783,8/15/2018,8,3,15
1494,482,120000,4,0,1,1.48,30000,4,270.2702703,8/15/2018,8,3,15
1498,448,36250000,246,0,6,21.58,147357.7236,246,1139.944393,8/16/2018,8,3,16
1494,513,6720000,56,0,1,22.67,120000,56,247.0224967,8/16/2018,8,3,16
1494,266,1800000,12,0,1,7.36,150000,12,163.0434783,8/16/2018,8,3,16
1498,338,80000,2,0,1,0.94,40000,2,212.7659574,8/17/2018,8,3,17
1498,477,50000,1,0,1,0.51,50000,1,196.0784314,8/17/2018,8,3,17
1498,89,16000000,200,0,7,35.71,80000,200,560.0672081,8/18/2018,8,3,18
1498,115,8450000,169,0,3,25.38,50000,169,665.8786446,8/18/2018,8,3,18
1498,448,8100000,54,0,3,9.47,150000,54,570.2217529,8/18/2018,8,3,18
1494,266,3000000,20,0,1,12.27,150000,20,162.999185,8/18/2018,8,3,18
1498,194,450000,9,0,1,3.42,50000,9,263.1578947,8/19/2018,8,3,19
1498,214,450000,9,0,6,1.04,50000,9,865.3846154,8/19/2018,8,3,19
1498,518,400000,4,0,1,7.27,100000,4,55.02063274,8/19/2018,8,3,19
1498,488,400000,10,0,1,3.76,40000,10,265.9574468,8/19/2018,8,3,19
1498,381,390000,13,0,2,3.82,30000,13,340.3141361,8/19/2018,8,3,19
1498,57,360000,3,0,1,1.44,120000,3,208.3333333,8/19/2018,8,3,19
1498,170,280000,4,0,2,0.39,70000,4,1025.641026,8/19/2018,8,3,19
1498,365,280000,4,0,2,0.64,70000,4,625,8/19/2018,8,3,19
1498,528,250000,5,0,2,2.73,50000,5,183.1501832,8/19/2018,8,3,19
1498,548,180000,6,0,1,2.23,30000,6,269.058296,8/19/2018,8,3,19
1494,266,720000,9,0,1,5.52,80000,9,163.0434783,8/19/2018,8,3,19
1498,448,11559998,79,0,5,8.32,146329.0886,79,949.5192308,8/20/2018,8,3,20
1494,266,300000,2,0,1,1.23,150000,2,162.601626,8/20/2018,8,3,20
1498,214,225000,9,0,6,1.04,25000,9,865.3846154,8/21/2018,8,3,21
1498,531,210000,7,0,1,4.96,30000,7,141.1290323,8/21/2018,8,3,21
1494,518,9400000,20,0,2,76.92,470000,20,26.00104004,8/21/2018,8,3,21
1494,266,7200000,90,0,1,55.21,80000,90,163.0139467,8/21/2018,8,3,21
1498,501,39400000,657,0,4,81.72,59969.5586,657,803.9647577,8/22/2018,8,3,22
1498,548,300000,10,0,1,3.72,30000,10,268.8172043,8/23/2018,8,3,23
1498,495,240000,4,0,1,1.4,60000,4,285.7142857,8/23/2018,8,3,23
1498,448,16350000,109,0,3,19.12,150000,109,570.083682,8/24/2018,8,3,24
1498,548,150000,6,0,1,2.23,25000,6,269.058296,8/25/2018,8,3,25
1498,34,5760000,48,0,4,6,120000,48,800,8/26/2018,8,3,26
1498,548,120000,4,0,1,1.49,30000,4,268.4563758,8/27/2018,8,3,27
1498,181,100000,2,0,3,0.44,50000,2,454.5454545,8/27/2018,8,3,27
1498,338,80000,2,0,1,0.94,40000,2,212.7659574,8/27/2018,8,3,27
1498,448,16720000,209,0,4,27.5,80000,209,760,8/28/2018,8,3,28
1498,34,14640000,244,0,3,35.36,60000,244,690.0452489,8/28/2018,8,3,28
1498,222,160000,2,0,2,0.98,80000,2,204.0816327,8/29/2018,8,3,29
1498,548,120000,4,0,1,1.49,30000,4,268.4563758,8/29/2018,8,3,29
1498,247,80000,2,0,1,5,40000,2,40,8/29/2018,8,3,29
1498,524,11670000,110,0,5,43.14,106090.9091,110,254.9837738,8/30/2018,8,3,30
1498,326,240000,4,0,1,1.39,60000,4,287.7697842,8/31/2018,8,3,31
1498,338,150000,3,0,1,1.22,50000,3,245.9016393,8/31/2018,8,3,31
1498,489,6320000,79,0,6,26.33,80000,79,300.0379795,9/1/2018,9,3,1
1498,89,6000000,75,0,1,60.48,80000,75,124.0079365,9/1/2018,9,3,1
1498,380,160000,4,0,1,5.71,40000,4,70.0525394,9/2/2018,9,3,2
1498,381,120000,4,0,2,1.18,30000,4,338.9830508,9/2/2018,9,3,2
1498,448,10930000,85,0,3,14.91,128588.2353,85,570.0871898,9/3/2018,9,3,3
1498,489,3820000,32,0,6,10.67,119375,32,299.9062793,9/3/2018,9,3,3
1494,535,3570000,51,0,10,4.86,70000,51,1049.382716,9/3/2018,9,3,3
1498,548,200000,8,0,1,2.97,25000,8,269.3602694,9/4/2018,9,3,4
1498,381,150000,5,0,2,1.47,30000,5,340.1360544,9/4/2018,9,3,4
1494,535,15480000,387,0,10,36.86,40000,387,1049.918611,9/4/2018,9,3,4
1567,448,160000,2,0,1,1.05,80000,2,190.4761905,9/5/2018,9,3,5
1498,448,10800000,74,0,4,9.74,145945.9459,74,759.7535934,9/5/2018,9,3,5
1567,98,5160000,43,0,7,1.4,120000,43,3071.428571,9/6/2018,9,3,6
1498,194,100000,2,0,1,0.76,50000,2,263.1578947,9/6/2018,9,3,6
1498,222,80000,1,0,2,0.6,80000,1,166.6666667,9/6/2018,9,3,6
1498,55,80000,9,0,1,3.33,8888.888889,9,270.2702703,9/6/2018,9,3,6
1567,94,320000,4,0,6,0.13,80000,4,3076.923077,9/7/2018,9,3,7
1498,39,34980000,319,0,1,57.89,109655.1724,319,551.0450855,9/7/2018,9,3,7
1498,524,13300000,119,0,5,59.8,111764.7059,119,198.9966555,9/7/2018,9,3,7
1567,98,7080000,59,0,7,1.92,120000,59,3072.916667,9/8/2018,9,3,8
1498,484,240000,4,0,2,1.33,60000,4,300.7518797,9/8/2018,9,3,8
1498,498,240000,4,0,1,1.6,60000,4,250,9/8/2018,9,3,8
1498,338,100000,2,0,1,0.94,50000,2,212.7659574,9/8/2018,9,3,8
1567,524,160000,2,0,7,0.22,80000,2,909.0909091,9/9/2018,9,3,9
1498,535,12740000,182,0,10,17.33,70000,182,1050.201962,9/9/2018,9,3,9
1567,98,3480000,29,0,7,0.94,120000,29,3085.106383,9/10/2018,9,3,10
1498,528,150000,3,0,1,2.24,50000,3,133.9285714,9/10/2018,9,3,10
1567,141,320000,4,0,1,4.6,80000,4,86.95652174,9/11/2018,9,3,11
1498,535,24440000,611,0,10,58.19,40000,611,1050.008593,9/11/2018,9,3,11
1567,524,2960000,37,0,7,4.03,80000,37,918.1141439,9/12/2018,9,3,12
1498,222,160000,4,0,2,2.38,40000,4,168.0672269,9/12/2018,9,3,12
1498,484,60000,2,0,3,0.44,30000,2,454.5454545,9/12/2018,9,3,12
1567,181,120000,2,0,2,0.63,60000,2,317.4603175,9/13/2018,9,3,13
1498,524,7070000,63,0,5,26.92,112222.2222,63,234.0267459,9/13/2018,9,3,13
1498,141,4500000,30,0,4,5.81,150000,30,516.3511188,9/13/2018,9,3,13
1498,304,4050000,27,0,1,18.37,150000,27,146.9787697,9/13/2018,9,3,13
1567,448,5850000,39,0,2,10.26,150000,39,380.1169591,9/14/2018,9,3,14
1498,484,240000,4,0,3,0.89,60000,4,449.4382022,9/14/2018,9,3,14
1498,214,200000,4,0,6,0.46,50000,4,869.5652174,9/14/2018,9,3,14
1498,194,150000,3,0,1,1.14,50000,3,263.1578947,9/14/2018,9,3,14
1498,495,120000,2,0,1,0.7,60000,2,285.7142857,9/14/2018,9,3,14
1567,181,60000,1,0,2,0.32,60000,1,312.5,9/15/2018,9,3,15
1498,524,4400000,55,0,5,23.5,80000,55,234.0425532,9/15/2018,9,3,15
1498,174,2310000,33,0,8,1.26,70000,33,2619.047619,9/15/2018,9,3,15
1498,344,2250000,15,0,3,4.59,150000,15,326.7973856,9/15/2018,9,3,15
1498,489,2000000,28,1,6,9.33,71428.57143,27,300.1071811,9/15/2018,9,3,15
1567,98,2760000,23,0,7,1.78,120000,23,1292.134831,9/16/2018,9,3,16
1498,222,240000,3,0,2,1.47,80000,3,204.0816327,9/16/2018,9,3,16
1498,214,200000,4,0,6,0.46,50000,4,869.5652174,9/16/2018,9,3,16
1498,453,160000,4,0,3,5.33,40000,4,75.04690432,9/16/2018,9,3,16
1498,528,120000,2,0,1,4.26,60000,2,46.94835681,9/16/2018,9,3,16
1498,338,100000,2,0,2,0.44,50000,2,454.5454545,9/16/2018,9,3,16
1567,518,120000,2,0,2,2.94,60000,2,68.02721088,9/17/2018,9,3,17
1498,524,4650000,39,0,5,16.67,119230.7692,39,233.9532094,9/17/2018,9,3,17
1567,448,2320000,29,0,2,7.63,80000,29,380.078637,9/18/2018,9,3,18
1498,214,325000,13,0,4,2.26,25000,13,575.2212389,9/18/2018,9,3,18
1498,528,300000,6,0,1,4.48,50000,6,133.9285714,9/18/2018,9,3,18
1498,243,210000,7,0,2,1.87,30000,7,374.3315508,9/18/2018,9,3,18
1498,172,150000,3,0,2,1.03,50000,3,291.2621359,9/18/2018,9,3,18
1498,164,140000,4,0,4,2.27,35000,4,176.2114537,9/18/2018,9,3,18
1498,480,140000,4,0,1,3.64,35000,4,109.8901099,9/18/2018,9,3,18
1498,222,120000,3,0,2,1.25,40000,3,240,9/18/2018,9,3,18
1567,442,100000,1,0,1,0.51,100000,1,196.0784314,9/23/2018,9,3,23
1498,174,2100000,30,0,8,1.15,70000,30,2608.695652,9/23/2018,9,3,23
1498,304,1200000,8,0,1,5.44,150000,8,147.0588235,9/23/2018,9,3,23
1498,513,720000,6,0,1,2.42,120000,6,247.9338843,9/23/2018,9,3,23
1567,448,5850000,39,0,2,10.26,150000,39,380.1169591,9/24/2018,9,3,24
1498,164,140000,2,0,4,1.14,70000,2,175.4385965,9/24/2018,9,3,24
1498,453,120000,3,0,4,3,40000,3,100,9/24/2018,9,3,24
1498,194,100000,2,0,1,0.76,50000,2,263.1578947,9/24/2018,9,3,24
1498,247,80000,2,0,1,5,40000,2,40,9/24/2018,9,3,24
1567,181,180000,3,0,2,0.95,60000,3,315.7894737,9/25/2018,9,3,25
1498,513,3780000,63,0,1,25.51,60000,63,246.9619757,9/25/2018,9,3,25
1498,89,3760000,47,0,1,29.38,80000,47,159.9727706,9/25/2018,9,3,25
1567,230,1300000,13,0,4,1.89,100000,13,687.8306878,9/26/2018,9,3,26
1498,480,140000,2,0,1,1.82,70000,2,109.8901099,9/26/2018,9,3,26
1567,448,1800000,12,0,1,6.32,150000,12,189.8734177,9/27/2018,9,3,27
1567,163,240000,2,0,3,1.9,120000,2,105.2631579,9/27/2018,9,3,27
1498,489,3750000,25,0,1,100,150000,25,25,9/27/2018,9,3,27
1567,350,3100000,31,0,3,4.65,100000,31,666.6666667,9/28/2018,9,3,28
1498,247,120000,3,0,1,7.5,40000,3,40,9/28/2018,9,3,28
1567,350,300000,3,0,3,0.45,100000,3,666.6666667,9/29/2018,9,3,29
1498,489,1600000,20,0,1,80,80000,20,25,9/29/2018,9,3,29
1567,230,650000,13,0,4,1.89,50000,13,687.8306878,9/30/2018,9,3,30
1567,350,200000,2,0,3,0.3,100000,2,666.6666667,9/30/2018,9,3,30
1498,339,120000,2,0,4,0.17,60000,2,1176.470588,9/30/2018,9,3,30
1498,72,11400000,190,0,1,56.05,60000,190,338.9830508,10/1/2018,10,4,1
1567,230,510000,17,0,4,2.47,30000,17,688.2591093,10/2/2018,10,4,2
1567,163,300000,5,0,2,7.14,60000,5,70.0280112,10/2/2018,10,4,2
1498,55,80000,35,0,2,6.48,2285.714286,35,540.1234568,10/2/2018,10,4,2
1498,184,1160000,29,0,1,14.87,40000,29,195.0235373,10/3/2018,10,4,3
1498,339,120000,2,0,4,0.17,60000,2,1176.470588,10/4/2018,10,4,4
1498,524,2320000,29,0,1,100,80000,29,29,10/5/2018,10,4,5
1498,91,2160000,18,0,3,1.33,120000,18,1353.383459,10/5/2018,10,4,5
1498,528,60000,1,0,1,2.13,60000,1,46.94835681,10/6/2018,10,4,6
1498,304,4200000,28,0,1,16.47,150000,28,170.0060716,10/7/2018,10,4,7
1498,529,60000,1,0,1,2.13,60000,1,46.94835681,10/8/2018,10,4,8
1498,489,7120000,89,0,3,63.57,80000,89,140.0031461,10/9/2018,10,4,9
1498,540,240000,4,0,1,2.33,60000,4,171.6738197,10/10/2018,10,4,10
1498,222,3840000,48,0,1,40,80000,48,120,10/11/2018,10,4,11
1498,513,3240000,27,0,1,10.89,120000,27,247.9338843,10/12/2018,10,4,12
1498,115,2600000,26,0,1,29.55,100000,26,87.98646362,10/12/2018,10,4,12
1498,540,2430000,81,0,1,47.09,30000,81,172.0110427,10/12/2018,10,4,12
1498,243,1680000,28,0,2,7.49,60000,28,373.8317757,10/12/2018,10,4,12
1498,339,1560000,26,0,1,8.67,60000,26,299.8846597,10/12/2018,10,4,12
1498,529,1200000,10,0,1,21.28,120000,10,46.9924812,10/12/2018,10,4,12
1498,181,360000,3,0,1,2,120000,3,150,10/12/2018,10,4,12
1498,484,300000,5,0,3,1.11,60000,5,450.4504505,10/12/2018,10,4,12
1498,222,160000,2,0,1,1.67,80000,2,119.760479,10/12/2018,10,4,12
1498,55,160000,7,0,1,2.59,22857.14286,7,270.2702703,10/12/2018,10,4,12
1498,165,1520000,38,0,1,29.23,40000,38,130.0034211,10/13/2018,10,4,13
1498,339,360000,6,0,1,2,60000,6,300,10/13/2018,10,4,13
1498,142,200000,2,0,5,1.14,100000,2,175.4385965,10/13/2018,10,4,13
1498,339,780000,13,0,1,4.33,60000,13,300.2309469,10/14/2018,10,4,14
1498,142,200000,2,0,5,1.14,100000,2,175.4385965,10/14/2018,10,4,14
1498,484,3000000,50,0,3,11.11,60000,50,450.0450045,10/15/2018,10,4,15
1498,165,600000,15,0,1,11.54,40000,15,129.982669,10/15/2018,10,4,15
1498,529,300000,5,0,1,10.64,60000,5,46.9924812,10/15/2018,10,4,15
1498,480,210000,3,0,1,2.73,70000,3,109.8901099,10/15/2018,10,4,15
1498,484,4230000,141,0,3,31.33,30000,141,450.0478774,10/16/2018,10,4,16
1498,142,1050000,21,0,2,30,50000,21,70,10/16/2018,10,4,16
1498,339,840000,28,0,1,9.33,30000,28,300.1071811,10/16/2018,10,4,16
1498,540,630000,21,0,1,12.21,30000,21,171.990172,10/16/2018,10,4,16
1498,222,280000,7,0,1,5.83,40000,7,120.0686106,10/16/2018,10,4,16
1498,539,7750000,155,0,1,100,50000,155,155,10/17/2018,10,4,17
1498,489,3280000,41,0,2,36.61,80000,41,111.9912592,10/17/2018,10,4,17
1498,486,3250000,130,0,1,46.43,25000,130,279.9913849,10/17/2018,10,4,17
1498,142,950000,10,0,3,8.4,95000,10,119.047619,10/17/2018,10,4,17
1498,484,360000,6,0,2,2,60000,6,300,10/17/2018,10,4,17
1498,529,240000,4,0,1,8.51,60000,4,47.00352526,10/17/2018,10,4,17
1498,115,7000000,70,0,1,24.22,100000,70,289.017341,10/18/2018,10,4,18
1498,243,2580000,43,0,2,11.5,60000,43,373.9130435,10/18/2018,10,4,18
1498,484,1860000,31,0,2,10.33,60000,31,300.0968054,10/18/2018,10,4,18
1498,142,1100000,11,0,3,9.24,100000,11,119.047619,10/18/2018,10,4,18
1498,339,180000,3,0,1,1,60000,3,300,10/18/2018,10,4,18
1498,339,300000,5,0,1,1.67,60000,5,299.4011976,10/19/2018,10,4,19
1498,529,240000,2,0,1,4.26,120000,2,46.94835681,10/19/2018,10,4,19
1498,539,3650000,73,0,1,47.1,50000,73,154.9893843,10/20/2018,10,4,20
1498,339,120000,2,0,1,0.67,60000,2,298.5074627,10/21/2018,10,4,21
1498,539,7200000,144,0,1,92.9,50000,144,155.0053821,10/23/2018,10,4,23
1498,539,4000000,80,0,1,51.61,50000,80,155.0087192,10/24/2018,10,4,24
1498,539,2000000,40,0,1,25.81,50000,40,154.9786904,10/25/2018,10,4,25
1498,445,960000,8,0,1,7.48,120000,8,106.9518717,10/25/2018,10,4,25
1498,529,240000,2,0,1,4.26,120000,2,46.94835681,10/25/2018,10,4,25
1498,445,1560000,13,0,1,12.15,120000,13,106.9958848,10/26/2018,10,4,26
1498,539,1500000,30,0,1,19.35,50000,30,155.0387597,10/27/2018,10,4,27
1498,222,400000,5,0,1,5.95,80000,5,84.03361345,10/27/2018,10,4,27
1498,539,1800000,36,0,1,23.23,50000,36,154.9720189,11/3/2018,11,4,3
1498,529,480000,8,0,1,17.02,60000,8,47.00352526,11/4/2018,11,4,4
